@article{tahar2017,
 title={Improved Stance Prediction in a User Similarity Feature Space},
 author={Darwish, Kareem and Magdy, Walid and Zanouda, Tahar},
 year={2017},
 pages={145–148}
}
@inproceedings{isisisnotislam,
  title={\# isisisnotislam or\# deportallmuslims? Predicting unspoken views},
  author={Walid Magdy and Kareem Darwish and Norah Abokhodair and Afshin Rahimi and Timothy Baldwin},
  year={2016},
  pages={95--106},
  booktitle={Proceedings of the 8th ACM Conference on Web Science},
  address={Hannover, Germany},
  publisher={Association for Computing Machinery}
}
@article{kentaro2016,
 title={Tohoku at {S}em{E}val-2016 Task 6: Feature-based Model versus Convolutional Neural Network for Stance Detection},
 author={Igarashi, Yuki  and
Komatsu, Hiroya  and
Kobayashi, Sosuke  and
Okazaki, Naoaki  and
Inui, Kentaro},
 year={2016},
 pages={401--407}
}
@article{mohand2018,
 title={Stance Classification through Proximity-Based Community Detection},
 author={Fraisier, Oph\'{e}lie and Cabanac, Guillaume and Pitarch, Yoann and Besan{c}on, Romaric and Boughanem, Mohand},
 year={2018},
 pages={220–228}
}
@article{andrew2019,
 title={Tweet Classification without the Tweet: An Empirical Examination of User versus Document Attributes},
 author={Lynn, Veronica  and
Giorgi, Salvatore  and
Balasubramanian, Niranjan  and
Schwartz, H. Andrew},
 year={2019},
 pages={18--28}
}
@article{paolo_brexit2020,
 title={Brexit: Leave or remain? the role of user’s community and diachronic evolution on stance detection},
 author={Lai, Mirko and Patti, Viviana and Ruffo, Giancarlo and Rosso, Paolo},
 year={2020},
 pages={2341--2352}
}
@article{paolo2017,
 title={Friends and Enemies of Clinton and Trump: Using Context for Detecting Stance in Political Tweets},
 author={Lai, Mirko and Farías, Delia Irazú Hernández and Patti, Viviana and Rosso, Paolo},
 year={2017},
 pages={nan}
}
@article{ku2018,
 title={We Like, We Post: A Joint User-Post Approach for Facebook Post Stance Labeling},
 author={W. Chen and L. Ku},
 year={2018},
 pages={2013-2023}
}
@article{walid2019,
 title={Your Stance is Exposed! Analysing Possible Factors for Stance Detection on Social Media},
 author={Aldayel, Abeer and Magdy, Walid},
 year={2019},
 pages={nan}
}
@article{lucie2022,
 title={{OK} Boomer: Probing the socio-demographic Divide in Echo Chambers},
 author={Geiss, Henri-Jacques  and
Sakketou, Flora  and
Flek, Lucie},
 year={2022},
 pages={83--105}
}
@article{paolo2019,
 title={Stance polarity in political debates: A diachronic perspective of network homophily and conversations on Twitter},
 author={Lai, Mirko and Tambuscio, Marcella and Patti, Viviana and Ruffo, Giancarlo and Rosso, Paolo},
 year={2019},
 pages={101738}
}
@article{paolo_multi2020,
 title={Multilingual stance detection in social media political debates},
 author={Lai, Mirko and Cignarella, Alessandra Teresa and Hernández Farías, Delia Irazú and Bosco, Cristina and Patti, Viviana and Rosso, Paolo},
 year={2020},
 pages={101075}
}
@article{olga2017,
 title={{UW}aterloo at {S}em{E}val-2017 Task 8: Detecting Stance towards Rumours with Topic Independent Features},
 author={Bahuleyan, Hareesh  and
Vechtomova, Olga},
 year={2017},
 pages={461--464}
}
@article{aono2020,
 title={Stance Classification and Rumor Analysis: Using New Dialog-Act Features and Augmenting Input Tweets},
 author={T. Vanta and M. Aono},
 year={2020},
 pages={1-6}
}
@article{xia2019,
 title={Rumor Stance Classification via Machine Learning with Text, User and Propagation Features},
 author={K. Xuan and R. Xia},
 year={2019},
 pages={560-566}
}
@article{li2021,
 title={Socially Aware Multimodal Deep Neural Networks for Fake News Classification},
 author={S. Rezayi and S. Soleymani and H. R. Arabnia and S. Li},
 year={2021},
 pages={253-259}
}
@article{singh2018,
 title={No, That Never Happened!! Investigating Rumors on Twitter},
 author={M. S. Akhtar and A. Ekbal and S. Narayan and V. Singh},
 year={2018},
 pages={8-15}
}
@article{mounia2020,
 title={Every Colour You Are: Stance Prediction and Turnaround in Controversial Issues},
 author={Graells-Garrido, Eduardo and Baeza-Yates, Ricardo and Lalmas, Mounia},
 year={2020},
 pages={174–183}
}
@article{andrew2017,
 title={Human Centered {NLP} with User-Factor Adaptation},
 author={Lynn, Veronica  and
Son, Youngseo  and
Kulkarni, Vivek  and
Balasubramanian, Niranjan  and
Schwartz, H. Andrew},
 year={2017},
 pages={1146--1155}
}
@article{isabelle2018,
 title={Discourse-aware rumour stance classification in social media using sequential classifiers},
 author={Zubiaga, Arkaitz and Kochkina, Elena and Liakata, Maria and Procter, Rob and Lukasik, Michal and Bontcheva, Kalina and Cohn, Trevor and Augenstein, Isabelle},
 year={2018},
 pages={273--290}
}
@article{yang2019,
 title={A Survey on Opinion Mining: From Stance to Product Aspect},
 author={R. Wang and D. Zhou and M. Jiang and J. Si and Y. Yang},
 year={2019},
 pages={41101-41124}
}
@article{walid2021,
 title={Stance detection on social media: State of the art and trends},
 author={Aldayel, Abeer and Magdy, Walid},
 year={2021},
 pages={102597}
}
@article{fazli2020,
 title={Stance Detection: A Survey},
 author={K{u}{c}{u}k, Dilek and Can, Fazli},
 year={2020}
}
@article{chen2019,
 title={Content-Based Echo Chamber Detection on Social Media Platforms},
 author={F. H. Calderón and L. -K. Cheng and M. -J. Lin and Y. -H. Huang and Y. -S. Chen},
 year={2019},
 pages={597-600}
}
@article{fazli2021,
 title={Stance Detection: Concepts, Approaches, Resources, and Outstanding Issues},
 author={K{u}{c}{u}k, Dilek and Can, Fazli},
 year={2021},
 pages={2673–2676}
}
@article{carley2020,
 title={Affective Polarization in Online Climate Change Discourse on Twitter},
 author={A. Tyagi and J. Uyheng and K. M. Carley},
 year={2020},
 pages={443-447}
}
@article{barone2021,
 title={An analysis of Twitter users opinions on vaccines using Machine Learning techniques},
 author={A. G. Hallberg and E. G. Cortes and D. A. C. Barone},
 year={2021},
 pages={1311-1315}
}
@article{hu2021,
 title={Stance Detection Using Multi-Head Attention Based Bidirectional GRU},
 author={P. Jia and Y. Du and B. Lyu and R. Hu},
 year={2021},
 pages={625-630}
}
@article{abdelzaher2020,
 title={Hierarchical Overlapping Belief Estimation by Structured Matrix Factorization},
 author={C. Yang and J. Li and R. Wang and S. Yao and H. Shao and D. Liu and S. Liu and T. Wang and T. F. Abdelzaher},
 year={2020},
 pages={81-88}
}
@article{becker2020,
 title={Quarenteners vs. Chloroquiners: A framework to analyze how political polarization affects the behavior of groups},
 author={R. Ebeling and C. A. C. Sáenz and J. Nobre and K. Becker},
 year={2020},
 pages={203-210}
}
@article{dalin2022,
 title={Stance Detection Based on User Feature Fusion},
 author={Huang, Weidong and Wang, Yuan and Yang, Jinyuan and Xu, Yijun and Zhang, Dalin},
 year={2022},
 pages={nan}
}
@article{masooda2017,
 title={Stance Classification of Twitter Debates: The Encryption Debate as A Use Case},
 author={Addawood, Aseel and Schneider, Jodi and Bashir, Masooda},
 year={2017},
 pages={nan}
}
@article{yuan2017,
 title={Weakly-Guided User Stance Prediction via Joint Modeling of Content and Social Interaction},
 author={Dong, Rui and Sun, Yizhou and Wang, Lu and Gu, Yupeng and Zhong, Yuan},
 year={2017},
 pages={1249–1258}
}
@article{tanmoy2022,
 title={Semi-Supervised Stance Detection of Tweets Via Distant Network Supervision},
 author={Dutta, Subhabrata and Caur, Samiya and Chakrabarti, Soumen and Chakraborty, Tanmoy},
 year={2022},
 pages={241–251}
}
@article{guodong2018,
 title={Stance Detection with Hierarchical Attention Network},
 author={Sun, Qingying  and
Wang, Zhongqing  and
Zhu, Qiaoming  and
Zhou, Guodong},
 year={2018},
 pages={2399--2409}
}
@article{m.2021,
 title={Heated conversations in a warming world: affective polarization in online climate change discourse follows real-world climate anomalies},
 author={Tyagi, Aman and Uyheng, Joshua and Carley, Kathleen M.},
 year={2021},
 pages={nan}
}
@article{oren2017,
 title={{C}on{S}tance: Modeling Annotation Contexts to Improve Stance Classification},
 author={Joseph, Kenneth  and
Friedland, Lisa  and
Hobbs, William  and
Lazer, David  and
Tsur, Oren},
 year={2017},
 pages={1115--1124}
}
@article{rodrigo2020,
 title={Communities of shared interests and cognitive bridges: the case of the anti-vaccination movement on Twitter},
 author={van Schalkwyk, Francois and Dudek, Jonathan and Costas, Rodrigo},
 year={2020},
 pages={1499--1516}
}
@article{chin2016,
 title={SCIFNET: Stance community identification of topic persons using friendship network analysis},
 author={Chen, Zhong-Yong and Chen, Chien Chin},
 year={2016},
 pages={30--48}
}
@article{giancarlo2020,
 title={Immigration as a Divisive Topic: Clusters and Content Diffusion in the Italian Twitter Debate},
 author={Vilella, Salvatore and Lai, Mirko and Paolotti, Daniela and Ruffo, Giancarlo},
 year={2020},
 pages={173}
}
@article{marco2021,
 title={Content-based Stance Classification of Tweets about the 2020 {I}talian Constitutional Referendum},
 author={Di Giovanni, Marco  and
Brambilla, Marco},
 year={2021},
 pages={14--23}
}
@article{isabelle2022,
 title={A Survey on Stance Detection for Mis- and Disinformation Identification},
 author={Hardalov, Momchil  and
Arora, Arnav  and
Nakov, Preslav  and
Augenstein, Isabelle},
 year={2022},
 pages={1259--1277}
}
@article{daniel2017,
 title={A Temporal Attentional Model for Rumor Stance Classification},
 author={Veyseh, Amir Pouran Ben and Ebrahimi, Javid and Dou, Dejing and Lowd, Daniel},
 year={2017},
 pages={2335–2338}
}
@article{sunderraman2022,
 title={Misinformation in Social Media Platforms and Web Articles: a Dataset to Infer User Stance},
 author={B. Abeysinghe and G. R. Vulupala and R. Sunderraman},
 year={2022},
 pages={269-273}
}
@article{zhu2021,
 title={SERN: Stance Extraction and Reasoning Network for Fake News Detection},
 author={J. Xie and S. Liu and R. Liu and Y. Zhang and Y. Zhu},
 year={2021},
 pages={2520-2524}
}
@article{lee2019,
 title={Learning Semantic-preserving Space Using User Profile and Multimodal Media Content from Political Social Network},
 author={W. Chang and J. Li and C. Lee},
 year={2019},
 pages={3990-3994}
}
@article{das2020,
 title={Twitter as a mirror - perspectives of common men and key personalities},
 author={A. Kumar and D. Mishra and B. Das},
 year={2020},
 pages={1-5}
}
@article{ramakrishnan2019,
 title={RumorSleuth: Joint Detection of Rumor Veracity and User Stance},
 author={M. R. Islam and S. Muthiah and N. Ramakrishnan},
 year={2019},
 pages={131-136}
}
@article{b.2018,
 title={Studying the controversy in online crowds’ interactions},
 author={Al-Ayyoub, Mahmoud and Rabab’ah, Abdullateef and Jararweh, Yaser and Al-Kabi, Mohammed N. and Gupta, Brij B.},
 year={2018},
 pages={557--563}
}
@article{mark2020,
 title={Corpus Development for Studying Online Disinformation Campaign: A Narrative + Stance Approach},
 author={Blackburn, Mack  and
Yu, Ning  and
Berrie, John  and
Gordon, Brian  and
Longfellow, David  and
Tirrell, William  and
Williams, Mark},
 year={2020},
 pages={41--47}
}
@article{carolina2020,
 title={Revisiting Rumour Stance Classification: Dealing with Imbalanced Data},
 author={Li, Yue  and
Scarton, Carolina},
 year={2020},
 pages={38--44}
}
@article{bai2019,
 title={SMAM: Detecting Rumors from Microblogs with Stance Mining Assisting Task},
 author={Z. Lingyu and S. Chenguang and W. Bin and W. Bai},
 year={2019},
 pages={242-249}
}
@article{wang2020,
 title={Call Attention to Stances: Detect Rumor with a Stance Attention Network},
 author={Lingyu, Zeng and Bin, Wu and Bai, Wang},
 year={2020},
 pages={27–34}
}
@article{feaster2017,
 title={AAFA: Associative Affinity Factor Analysis for Bot Detection and Stance Classification in Twitter},
 author={S. Sadiq and Y. Yan and A. Taylor and M. -L. Shyu and S. -C. Chen and D. Feaster},
 year={2017},
 pages={356-365}
}
@article{xu2022,
 title={Multi-Modal Meta Multi-Task Learning for Social Media Rumor Detection},
 author={H. Zhang and S. Qian and Q. Fang and C. Xu},
 year={2022},
 pages={1449-1459}
}
@article{kiat2022,
 title={Identification of rumour stances by considering network topology and social media comments},
 author={Luo, Yongcong and Ma, Jing and Yeo, Chai Kiat},
 year={2022},
 pages={118--130}
}
@article{ramirez-marquez2021,
 title={Content-Aware Galaxies: Digital Fingerprints of Discussions on Social Media},
 author={P. Babvey and D. Borrelli and C. Lipizzi and J. E. Ramirez-Marquez},
 year={2021},
 pages={294-307}
}
@article{stefan2022,
 title={Caught in a networked collusion? Homogeneity in conspiracy-related discussion networks on YouTube},
 author={Röchert, Daniel and Neubaum, German and Ross, Björn and Stieglitz, Stefan},
 year={2022},
 pages={101866}
}
@article{f2021,
 title={Computational Modeling of Hierarchically Polarized Groups by Structured Matrix Factorization},
 author={Sun, Dachun and Yang, Chaoqi and Li, Jinyang and Wang, Ruijie and Yao, Shuochao and Shao, Huajie and Liu, Dongxin and Liu, Shengzhong and Wang, Tianshi and Abdelzaher, Tarek F},
 year={2021},
 pages={729881--729881}
}
@article{ayaz2021,
 title={Using graph embedding and machine learning to identify rebels on twitter},
 author={Masood, Muhammad Ali and Abbasi, Rabeeh Ayaz},
 year={2021},
 pages={101121}
}
@article{s.2020,
 title={A Twitter-based approach of news media impartiality in multipartite political scenes},
 author={Gyftopoulos, Sotirios and Drosatos, George and Stamatelatos, Giorgos and Efraimidis, Pavlos S.},
 year={2020},
 pages={nan}
}
@article{walid2022,
 title={Characterizing the role of bots’ in polarized stance on social media},
 author={Aldayel, Abeer and Magdy, Walid},
 year={2022},
 pages={30--30}
}
@article{xintao2020,
 title={Argumentation Stance Polarity and Intensity Prediction and Its Application for Argumentation Polarization Modeling and Diverse Social Connection Recommendation},
 author={Sirrianni, Joseph W. and Adams, Douglas and Gauch, Susan and Wu, Xintao},
 year={2020},
 pages={nan}
}

@article{espinosa2020deepreading,
  title={Deepreading@ sardistance: Combining textual, social and emotional features},
  author={Espinosa, Maria S and Agerri, Rodrigo and Rodrigo, Alvaro and Centeno, Roberto},
  journal={Proceedings of the 7th Evaluation Campaign of Natural Language Processing and Speech Tools for Italian (EVALITA 2020). CEURWS. org},
  year={2020}
}

@article{alkhalifa2020,
  title={QMUL-SDS@ SardiStance2020: Leveraging network interactions to boost performance on stance detection using knowledge graphs},
  author={Alkhalifa, Rabab and Zubiaga, Arkaitz},
  year={2020},
  publisher={Accademia University Press}
}

@inproceedings{cignarella2020,
  title={Sardistance@ evalita2020: Overview of the task on stance detection in italian tweets},
  author={Cignarella, Alessandra Teresa and Lai, Mirko and Bosco, Cristina and Patti, Viviana and Paolo, Rosso and others},
  booktitle={Proceedings of the Seventh Evaluation Campaign of Natural Language Processing and Speech Tools for Italian. Final Workshop (EVALITA 2020)},
  pages={1--10},
  year={2020},
  organization={Ceur}
}

@article{rumoreval2017,
  title={SemEval-2017 Task 8: RumourEval: Determining rumour veracity and support for rumours},
  author={Derczynski, Leon and Bontcheva, Kalina and Liakata, Maria and Procter, Rob and Hoi, Geraldine Wong Sak and Zubiaga, Arkaitz},
  journal={arXiv preprint arXiv:1704.05972},
  year={2017}
}
@inproceedings{semeval2016,
  title={Semeval-2016 task 6: Detecting stance in tweets},
  author={Saif Mohammad and Svetlana Kiritchenko and Parinaz Sobhani and Xiaodan Zhu and Colin Cherry},
  year={2016},
  pages={31--41},
  booktitle={Proceedings of the 10th international workshop on semantic evaluation (SemEval-2016)},
  address={San Diego, California},
  publisher={Association for Computational Linguistics}
}

@inproceedings{pheme,
  title={Detect rumor and stance jointly by neural multi-task learning},
  author={Ma, Jing and Gao, Wei and Wong, Kam-Fai},
  booktitle={Companion proceedings of the the web conference 2018},
  pages={585--593},
  year={2018}
}

@InProceedings{pavan2022,
author="Pavan, Matheus Camasmie
and Paraboni, Ivandr{\'e}",
editor="Pichardo Lagunas, Obdulia
and Mart{\'i}nez-Miranda, Juan
and Mart{\'i}nez Seis, Bella",
title="Cross-target Stance Classification as Domain Adaptation",
booktitle="Advances in Computational Intelligence",
year="2022",
publisher="Springer Nature Switzerland",
address="Cham",
pages="15--25",
abstract="As in many NLP tasks, stance classification - the computational task of inferring attitudes towards a given target topic from text - often relies on supervised methods and annotated corpora. However, given the costs associated with corpus annotation, and the need to provide stance labels for every target of interest, cross-target methods (that is, the use of an existing corpus of stance towards a particular target to classify stance towards a different, previously unseen target), are of great interest. Based on these observations, in the present work we address the issue of cross-target stance classification with the aid of an existing domain adaptation method based on BERT in combination with adversarial learning and knowledge distillation, and which has been shown to be successful in the related tasks of cross-domain sentiment analysis and cross-domain author profiling. To this end, we envisage a number of experiments to compare cross-target stance classification between target pairs with different degrees of semantic relatedness, and examine how much loss is observed from single-target to cross-target stance classification settings, and attempt to identify possible ways forward.",
isbn="978-3-031-19493-1"
}

@article{chancellor2020methods,
  title={Methods in predictive techniques for mental health status on social media: a critical review},
  author={Chancellor, Stevie and De Choudhury, Munmun},
  journal={NPJ digital medicine},
  volume={3},
  number={1},
  pages={43},
  year={2020},
  publisher={Nature Publishing Group UK London}
}

@article{ferraccioli2020,
  title={TextWiller@ SardiStance, HaSpeede2: Text or Con-text? A smart use of social network data in predicting polarization},
  author={Ferraccioli, Federico and Sciandra, Andrea and Da Pont, Mattia and Girardi, Paolo and Solari, Dario and Finos, Livio},
  journal={Proceedings of the 7th Evaluation Campaign of Natural Language Processing and Speech Tools for Italian (EVALITA 2020). CEUR-WS. org},
  year={2020}
}

@inproceedings{ranlp-lais,
author={La\'is Carraro Leme Cavalheiro and
 Matheus Camasmie Pavan and
 Ivandr\'e Paraboni},
title={{Stance prediction from multimodal social media data}},
booktitle={Recents Advances in Natural Language Processing ({RANLP-2023})},
year={2023},
address={Varna, Bulgaria}
}

@article{kristensen2011normas,
  title={Normas brasileiras para o affective norms for English words},
  author={Kristensen, Christian Haag and Gomes, Carlos Falc{\~a}o de Azevedo and Justo, Alice Reuwsaat and Vieira, Karin},
  journal={Trends in Psychiatry and Psychotherapy},
  volume={33},
  pages={135--146},
  year={2011},
  publisher={SciELO Brasil}
}

@article{SOUZA2023110901,
title = {BERT models for Brazilian Portuguese: Pretraining, evaluation and tokenization analysis},
journal = {Applied Soft Computing},
volume = {149},
pages = {110901},
year = {2023},
issn = {1568-4946},
doi = {https://doi.org/10.1016/j.asoc.2023.110901},
url = {https://www.sciencedirect.com/science/article/pii/S1568494623009195},
author = {F.C. Souza and R.F. Nogueira and R.A. Lotufo},
keywords = {Language model, BERT, Sentence textual similarity, Recognizing textual entailment, Named entity recognition}
}

@inproceedings{condgen,
    title = "Zero-Shot and Few-Shot Stance Detection on Varied Topics via Conditional Generation",
    author = "Wen, Haoyang  and
      Hauptmann, Alexander",
    booktitle = "Proceedings of the 61st Annual Meeting of the Association for Computational Linguistics (Volume 2: Short Papers)",
    month = jul,
    year = "2023",
    address = "Toronto, Canada",
    publisher = "Association for Computational Linguistics",
    url = "https://aclanthology.org/2023.acl-short.127",
    doi = "10.18653/v1/2023.acl-short.127",
    pages = "1491--1499"
}

@inproceedings{bagofusers,
author={Rafael Lage de Oliveira and Jo\~ao Trevisan Martins and Ivandr\'e Paraboni},
title={{A Bag-of-Users approach to mental health prediction from social media data}},
booktitle={{16th International Conference on Computational Processing of Portuguese (PROPOR 2024)}},
address={Santiago de Compostela, Spain},
year={2024}
}

@article{ustancebr,
author={Camila Pereira AND Matheus Pavan AND Sungwon Yoon AND Ricelli Ramos AND Pablo Costa AND La\'is Cavalheiro AND Ivandr\'e Paraboni},
title={{UstanceBR}: a multimodal language resource for stance prediction},
journal={arXiv:2312.06374},
doi={10.48550/arXiv.2312.06374},
year={2023}
}

@article{pln2023,
  title={Processamento de linguagem natural: conceitos, t{\'e}cnicas e aplica{\c{c}}{\~o}es em portugu{\^e}s},
  author={Caseli, Helena de Medeiros and Nunes, Maria das Gra{\c{c}}as Volpe},
  year={2023}
}

@book{rosenblatt1962,
  title={Principles of neurodynamics: Perceptrons and the theory of brain mechanisms},
  author={Rosenblatt, Frank and others},
  volume={55},
  year={1962},
  publisher={Spartan books Washington, DC}
}

@book{goodfellow2016,
    title={Deep Learning},
    author={Ian Goodfellow and Yoshua Bengio and Aaron Courville},
    publisher={MIT Press},
    note={\url{http://www.deeplearningbook.org}},
    year={2016}
}

@book{shalev2014,
  title={Understanding machine learning: From theory to algorithms},
  author={Shalev-Shwartz, Shai and Ben-David, Shai},
  year={2014},
  publisher={Cambridge university press}
}

@book{nielsen2015,
  title={Neural networks and deep learning},
  author={Nielsen, Michael A},
  volume={25},
  year={2015},
  publisher={Determination press San Francisco, CA, USA}
}

@article{hochreiter1997,
  title={Long short-term memory},
  author={Hochreiter, Sepp and Schmidhuber, J{\"u}rgen},
  journal={Neural computation},
  volume={9},
  number={8},
  pages={1735--1780},
  year={1997},
  publisher={MIT press}
}

@article{mcnemar,  
	author = {Quinn McNemar},  
	title = {Note on the sampling error of the difference between correlated proportions or percentages},  
	journal={Psychometrika},  
	volume={12},  
	number={2},  
	pages={153--157},  
	year={1947},  
	doi={10.1007/BF02295996}  
}

@techreport{anew,
  title={Affective norms for English words (ANEW): Instruction manual and affective ratings},
  author={Bradley, Margaret M and Lang, Peter J},
  year={1999},
  institution={Technical report C-1, the center for research in psychophysiology~…}
}

@inproceedings{bertabaporu,
    title = "{BERT}abaporu: Assessing a Genre-Specific Language Model for {P}ortuguese {NLP}",
    author = "Costa, Pablo Botton  and
      Pavan, Matheus Camasmie  and
      Santos, Wesley Ramos  and
      Silva, Samuel Caetano  and
      Paraboni, Ivandr{\'e}",
    editor = "Mitkov, Ruslan  and
      Angelova, Galia",
    booktitle = "Proceedings of the 14th International Conference on Recent Advances in Natural Language Processing",
    month = sep,
    year = "2023",
    address = "Varna, Bulgaria",
    publisher = "INCOMA Ltd., Shoumen, Bulgaria",
    url = "https://aclanthology.org/2023.ranlp-1.24",
    pages = "217--223",
    abstract = "Transformer-based language models such as Bidirectional Encoder Representations from Transformers (BERT) are now mainstream in the NLP field, but extensions to languages other than English, to new domains and/or to more specific text genres are still in demand. In this paper we introduced BERTabaporu, a BERT language model that has been pre-trained on Twitter data in the Brazilian Portuguese language. The model is shown to outperform the best-known general-purpose model for this language in three Twitter-related NLP tasks, making a potentially useful resource for Portuguese NLP in general.",
}

@article{lstmforget2000,
  title={Learning to forget: Continual prediction with LSTM},
  author={Gers, Felix A and Schmidhuber, J{\"u}rgen and Cummins, Fred},
  journal={Neural computation},
  volume={12},
  number={10},
  pages={2451--2471},
  year={2000},
  publisher={MIT Press}
}

@article{attention,
  title={Neural machine translation by jointly learning to align and translate},
  author={Bahdanau, Dzmitry and Cho, Kyunghyun and Bengio, Yoshua},
  journal={arXiv preprint arXiv:1409.0473},
  year={2014}
}

@inproceedings{vast,
author    = {Emily Allaway and
             Kathleen R. McKeown},
title     = {Zero-Shot Stance Detection: {A} Dataset and Model using Generalized
             Topic Representations},
booktitle = "{EMNLP}-2020 proceedings",
address = "Online",
publisher = "Assoc. for Computational Linguistics",
doi = "10.18653/v1/2020.emnlp-main.717",
pages = "8913--8931",
year      = {2020}
}

% 2
@inproceedings{toad,
    title = "Adversarial Learning for Zero-Shot Stance Detection on Social Media",
    author = "Emily Allaway   and
      Malavika Srikanth   and
      Kathleen McKeown",
    booktitle = {{ACL}-2021 proceedings},
    year = "2021",
    address = "Online",
    publisher = "Assoc. for Computational Linguistics",
    doi = "10.18653/v1/2021.naacl-main.379",
    pages = "4756--4767"
}

% 3
@inproceedings{ckenet,
    title = "Enhancing Zero-shot and Few-shot Stance Detection with Commonsense Knowledge Graph",
    author = "Rui Liu  and
      Zheng Lin   and
      Yutong Tan   and
      Weiping Wang",
    booktitle = "Findings of {ACL-IJCNLP}-2021",
    year = "2021",
    address = "Online",
    publisher = "Assoc. for Computational Linguistics",
    url = "https://aclanthology.org/2021.findings-acl.278",
    doi = "10.18653/v1/2021.findings-acl.278",
    pages = "3152--3157"
}

@inproceedings{bicond,
    title = "Stance Detection with Bidirectional Conditional Encoding",
    author = {Augenstein, Isabelle  and
      Rockt{\"a}schel, Tim  and
      Vlachos, Andreas  and
      Bontcheva, Kalina},
    booktitle = "Proceedings of the 2016 Conference on Empirical Methods in Natural Language Processing",
    year = "2016",
    address = "Austin, Texas",
    publisher = "Association for Computational Linguistics",
    url = "https://aclanthology.org/D16-1084",
    doi = "10.18653/v1/D16-1084",
    pages = "876--885"
}

@inproceedings{crossnet,
    title = "Cross-Target Stance Classification with Self-Attention Networks",
    author = "Chang Xu  and
      Cecile Paris  and
      Surya Nepal  and
      Ross Sparks",
    booktitle = "{ACL}-2018 proceedings",
    year = "2018",
    doi = "10.18653/v1/P18-2123",
    address = "Melbourne, Australia",
    publisher = "Assoc. for Computational Linguistics",
    pages = "778--783"
}

@article{homophily,  
author = {Miller McPherson and Lynn Smith-Lovin and James M. Cook},  
title = {Birds of a Feather: Homophily in Social Networks},  
journal = {Annual Review of Sociology},  
volume = {27},  
number = {1},  
pages = {415--444},  
year = {2001},  
doi = {10.1146/annurev.soc.27.1.415}  
}  

@inproceedings{glove,
author={J. Pennington and R. Socher and C. D. Manning},
title={{GloVe: Global Vectors for Word Representation}},
booktitle={Proceedings of {EMNLP}-2014},
pages={1532--1543},
year={2014}
}